<?xml version="1.0" encoding="UTF-8"?><collection xmlns="http://www.loc.gov/MARC21/slim"><record><leader>00480nam--2200133-i-4500</leader><controlfield tag="001">000009965</controlfield><controlfield tag="002">20161230</controlfield><controlfield tag="005">20161230201028</controlfield><controlfield tag="008">060222s1000------------r-----000-0-eng-d</controlfield><datafield ind1=" " ind2=" " tag="080"><subfield code="a">621.375.826</subfield></datafield><datafield ind1=" " ind2=" " tag="100"><subfield code="a">Bigelow, Robert Charles</subfield></datafield><datafield ind1=" " ind2=" " tag="245"><subfield code="a">A laser study:absolute spectral intensities from the transition a 3  g to b 3  u in molecu lar deuterium and hydrogen excited by pulse discharge.thesis</subfield></datafield><datafield ind1=" " ind2=" " tag="260"><subfield code="a">Ann Arbor,Michigan,University Microfilms,1969. Ix + 288p</subfield></datafield><datafield ind1=" " ind2=" " tag="852"><subfield code="a">36116</subfield></datafield></record></collection>